@BOOK{text:1,
AUTHOR="David C Kung",
TITLE="Object Oriented Sofware Engineering",
PUBLISHER="Dummy Publisher",
YEAR="2015",
}