@BOOK{bibliography:1,
AUTHOR="David C Kung",
TITLE="Object Oriented Software Engineering",
PUBLISHER="McGraw Hill",
YEAR="2014"
}